% See: https://www.bibtex.com/g/bibtex-format/ for syntax reference

@online{libretexts,
    author = {W. Edwin Clark},
    title = {The Quaternions},
    year = 2024,
    url = {https://math.libretexts.org/Bookshelves/Abstract_and_Geometric_Algebra/Elementary_Abstract_Algebra_(Clark)/01%3A_Chapters/11%3A_The_Quaternions}
}

@article{kuipers,
    author = {Jack B. Kuipers},
    title = {QUATERNIONS AND ROTATION SEQUENCES},
    journal = {Geometry, Integrability and Quantization},
    year = 1999
}

@book{hanson,
    author = {Andrew Hanson},
    title = {Visualizing Quaternions},
    publisher = {Elsevier},
    year = 2006,
    % http://www.r-5.org/files/books/computers/algo-list/realtime-3d/Andrew_Hanson-Visualizing_Quaternions-EN.pdf
}

@online{stackex-exp,
    url = {https://math.stackexchange.com/a/1047246}
}

@online{stackex-polar,
    url = {https://math.stackexchange.com/a/1499211}
}

@article{frobenius1877,
author = {Frobenius, G.},
journal = {Journal f√ºr die reine und angewandte Mathematik},
pages = {1-63},
title = {Ueber lineare Substitutionen und bilineare Formen.},
url = {http://eudml.org/doc/148343},
volume = {84},
year = {1877},
}